% Encoding: UTF-8
@article{cheng2019rwf,
  title={RWF-2000: an open large scale video database for violence detection},
  author={Cheng, Ming and Cai, Kunjing and Li, Ming},
  journal={arXiv preprint arXiv:1911.05913},
  year={2019}
}
@inproceedings{chen2008recognition,
  title={Recognition of aggressive human behavior using binary local motion descriptors},
  author={Chen, Datong and Wactlar, Howard and Chen, Ming-yu and Gao, Can and Bharucha, Ashok and Hauptmann, Alex},
  booktitle={2008 30th Annual International Conference of the IEEE Engineering in Medicine and Biology Society},
  pages={5238--5241},
  year={2008},
  organization={IEEE}
}
@ARTICLE{ji_3dconv,  author={S. {Ji} and W. {Xu} and M. {Yang} and K. {Yu}},  journal={IEEE Transactions on Pattern Analysis and Machine Intelligence},   title={3D Convolutional Neural Networks for Human Action Recognition},   year={2013},  volume={35},  number={1},  pages={221-231},  doi={10.1109/TPAMI.2012.59}}
@article{lecun1995convolutional,
  title={Convolutional networks for images, speech, and time series},
  author={LeCun, Yann and Bengio, Yoshua and others},
  journal={The handbook of brain theory and neural networks},
  volume={3361},
  number={10},
  pages={1995},
  year={1995}
}

@article{10.1162/neco.1997.9.8.1735,
author = {Hochreiter, Sepp and Schmidhuber, J\"{u}rgen},
title = {Long Short-Term Memory},
year = {1997},
issue_date = {November 15, 1997},
publisher = {MIT Press},
address = {Cambridge, MA, USA},
volume = {9},
number = {8},
issn = {0899-7667},
url = {https://doi.org/10.1162/neco.1997.9.8.1735},
doi = {10.1162/neco.1997.9.8.1735},
journal = {Neural Comput.},
month = nov,
pages = {1735â€“1780},
numpages = {46}
}

@inproceedings{hassner2012violent_6,
  title={Violent flows: Real-time detection of violent crowd behavior},
  author={Hassner, Tal and Itcher, Yossi and Kliper-Gross, Orit},
  booktitle={2012 IEEE Computer Society Conference on Computer Vision and Pattern Recognition Workshops},
  pages={1--6},
  year={2012},
  organization={IEEE}
}

@inproceedings{de2010violence_7,
  title={Violence detection in video using spatio-temporal features},
  author={De Souza, Fillipe DM and Chavez, Guillermo C and do Valle Jr, Eduardo A and Ara{\'u}jo, Arnaldo de A},
  booktitle={2010 23rd SIBGRAPI Conference on Graphics, Patterns and Images},
  pages={224--230},
  year={2010},
  organization={IEEE}
}

@inproceedings{huang2014detection_8,
  title={Detection of violent crowd behavior based on statistical characteristics of the optical flow},
  author={Huang, Jian-Feng and Chen, Shui-Li},
  booktitle={2014 11th International Conference on Fuzzy Systems and Knowledge Discovery (FSKD)},
  pages={565--569},
  year={2014},
  organization={IEEE}
}
@inproceedings{wang2013action_9,
  title={Action recognition with improved trajectories},
  author={Wang, Heng and Schmid, Cordelia},
  booktitle={Proceedings of the IEEE international conference on computer vision},
  pages={3551--3558},
  year={2013}
}
@inproceedings{xu2014violent_22,
  title={Violent video detection based on MoSIFT feature and sparse coding},
  author={Xu, Long and Gong, Chen and Yang, Jie and Wu, Qiang and Yao, Lixiu},
  booktitle={2014 IEEE International Conference on Acoustics, Speech and Signal Processing (ICASSP)},
  pages={3538--3542},
  year={2014},
  organization={IEEE}
}

@article{gao2016violence_23,
  title={Violence detection using oriented violent flows},
  author={Gao, Yuan and Liu, Hong and Sun, Xiaohu and Wang, Can and Liu, Yi},
  journal={Image and vision computing},
  volume={48},
  pages={37--41},
  year={2016},
  publisher={Elsevier}
}
@InProceedings{bilinski2016human_24,
  author       = {Bilinski, Piotr and Bremond, Francois},
  booktitle    = {2016 13th IEEE International Conference on Advanced Video and Signal Based Surveillance (AVSS)},
  title        = {Human violence recognition and detection in surveillance videos},
  year         = {2016},
  organization = {IEEE},
  pages        = {30--36},
}

@Article{vedaldi2016vgg,
  author  = {Vedaldi, Andrea and Zisserman, Andrew},
  journal = {Dep. Eng. Sci. Univ. Oxford},
  title   = {Vgg convolutional neural networks practical},
  year    = {2016},
  pages   = {66},
  volume  = {2016},
}

@InProceedings{he2016resnet,
  author    = {He, Kaiming and Zhang, Xiangyu and Ren, Shaoqing and Sun, Jian},
  booktitle = {Proceedings of the IEEE conference on computer vision and pattern recognition},
  title     = {Deep residual learning for image recognition},
  year      = {2016},
  pages     = {770--778},
}

@InProceedings{tan2019efficientnet,
  author       = {Tan, Mingxing and Le, Quoc},
  booktitle    = {International Conference on Machine Learning},
  title        = {Efficientnet: Rethinking model scaling for convolutional neural networks},
  year         = {2019},
  organization = {PMLR},
  pages        = {6105--6114},
}

@InProceedings{zhang2018shufflenet,
  author    = {Zhang, Xiangyu and Zhou, Xinyu and Lin, Mengxiao and Sun, Jian},
  booktitle = {Proceedings of the IEEE conference on computer vision and pattern recognition},
  title     = {Shufflenet: An extremely efficient convolutional neural network for mobile devices},
  year      = {2018},
  pages     = {6848--6856},
}

@Article{iandola2016squeezenet,
  author  = {Iandola, Forrest N and Han, Song and Moskewicz, Matthew W and Ashraf, Khalid and Dally, William J and Keutzer, Kurt},
  journal = {arXiv preprint arXiv:1602.07360},
  title   = {SqueezeNet: AlexNet-level accuracy with 50x fewer parameters and< 0.5 MB model size},
  year    = {2016},
}

@InProceedings{girshick2014rcnn,
  author    = {Girshick, Ross and Donahue, Jeff and Darrell, Trevor and Malik, Jitendra},
  booktitle = {Proceedings of the IEEE conference on computer vision and pattern recognition},
  title     = {Rich feature hierarchies for accurate object detection and semantic segmentation},
  year      = {2014},
  pages     = {580--587},
}

@InProceedings{lin2017fpn,
  author    = {Lin, Tsung-Yi and Doll{\'a}r, Piotr and Girshick, Ross and He, Kaiming and Hariharan, Bharath and Belongie, Serge},
  booktitle = {Proceedings of the IEEE conference on computer vision and pattern recognition},
  title     = {Feature pyramid networks for object detection},
  year      = {2017},
  pages     = {2117--2125},
}

@InProceedings{wang2019panet,
  author    = {Wang, Kaixin and Liew, Jun Hao and Zou, Yingtian and Zhou, Daquan and Feng, Jiashi},
  booktitle = {Proceedings of the IEEE/CVF International Conference on Computer Vision},
  title     = {Panet: Few-shot image semantic segmentation with prototype alignment},
  year      = {2019},
  pages     = {9197--9206},
}

@InProceedings{unetronneberger2015u,
  author       = {Ronneberger, Olaf and Fischer, Philipp and Brox, Thomas},
  booktitle    = {International Conference on Medical image computing and computer-assisted intervention},
  title        = {U-net: Convolutional networks for biomedical image segmentation},
  year         = {2015},
  organization = {Springer},
  pages        = {234--241},
}

@InProceedings{nesterovbotev2017,
  author       = {Botev, Aleksandar and Lever, Guy and Barber, David},
  booktitle    = {2017 International Joint Conference on Neural Networks (IJCNN)},
  title        = {Nesterov's accelerated gradient and momentum as approximations to regularised update descent},
  year         = {2017},
  organization = {IEEE},
  pages        = {1899--1903},
}

@Article{pytorchpaszke2019,
  author  = {Paszke, Adam and Gross, Sam and Massa, Francisco and Lerer, Adam and Bradbury, James and Chanan, Gregory and Killeen, Trevor and Lin, Zeming and Gimelshein, Natalia and Antiga, Luca and others},
  journal = {arXiv preprint arXiv:1912.01703},
  title   = {Pytorch: An imperative style, high-performance deep learning library},
  year    = {2019},
}

@InProceedings{c3dtran2015learning,
  author    = {Tran, Du and Bourdev, Lubomir and Fergus, Rob and Torresani, Lorenzo and Paluri, Manohar},
  booktitle = {Proceedings of the IEEE international conference on computer vision},
  title     = {Learning spatiotemporal features with 3d convolutional networks},
  year      = {2015},
  pages     = {4489--4497},
}

@InProceedings{13wang2016temporal,
  author       = {Wang, Limin and Xiong, Yuanjun and Wang, Zhe and Qiao, Yu and Lin, Dahua and Tang, Xiaoou and Van Gool, Luc},
  booktitle    = {European conference on computer vision},
  title        = {Temporal segment networks: Towards good practices for deep action recognition},
  year         = {2016},
  organization = {Springer},
  pages        = {20--36},
}

@InProceedings{eco14zolfaghari2018,
  author    = {Zolfaghari, Mohammadreza and Singh, Kamaljeet and Brox, Thomas},
  booktitle = {Proceedings of the European conference on computer vision (ECCV)},
  title     = {Eco: Efficient convolutional network for online video understanding},
  year      = {2018},
  pages     = {695--712},
}

@InProceedings{i3dcarreira2017quo,
  author    = {Carreira, Joao and Zisserman, Andrew},
  booktitle = {proceedings of the IEEE Conference on Computer Vision and Pattern Recognition},
  title     = {Quo vadis, action recognition? a new model and the kinetics dataset},
  year      = {2017},
  pages     = {6299--6308},
}

@InProceedings{r21dtran2018closer,
  author    = {Tran, Du and Wang, Heng and Torresani, Lorenzo and Ray, Jamie and LeCun, Yann and Paluri, Manohar},
  booktitle = {Proceedings of the IEEE conference on Computer Vision and Pattern Recognition},
  title     = {A closer look at spatiotemporal convolutions for action recognition},
  year      = {2018},
  pages     = {6450--6459},
}

@InProceedings{3dres101_hara2018can,
  author    = {Hara, Kensho and Kataoka, Hirokatsu and Satoh, Yutaka},
  booktitle = {Proceedings of the IEEE conference on Computer Vision and Pattern Recognition},
  title     = {Can spatiotemporal 3d cnns retrace the history of 2d cnns and imagenet?},
  year      = {2018},
  pages     = {6546--6555},
}

@Article{10ts_simonyan2014two,
  author  = {Simonyan, Karen and Zisserman, Andrew},
  journal = {arXiv preprint arXiv:1406.2199},
  title   = {Two-stream convolutional networks for action recognition in videos},
  year    = {2014},
}

@InProceedings{11convlstm_donahue2015long,
  author    = {Donahue, Jeffrey and Anne Hendricks, Lisa and Guadarrama, Sergio and Rohrbach, Marcus and Venugopalan, Subhashini and Saenko, Kate and Darrell, Trevor},
  booktitle = {Proceedings of the IEEE conference on computer vision and pattern recognition},
  title     = {Long-term recurrent convolutional networks for visual recognition and description},
  year      = {2015},
  pages     = {2625--2634},
}

@Article{25_fang2016abnormal,
  author    = {Fang, Zhijun and Fei, Fengchang and Fang, Yuming and Lee, Changhoon and Xiong, Naixue and Shu, Lei and Chen, Sheng},
  journal   = {Multimedia Tools and Applications},
  title     = {Abnormal event detection in crowded scenes based on deep learning},
  year      = {2016},
  number    = {22},
  pages     = {14617--14639},
  volume    = {75},
  publisher = {Springer},
}

@InProceedings{26_zhou2017violent,
  author       = {Zhou, Peipei and Ding, Qinghai and Luo, Haibo and Hou, Xinglin},
  booktitle    = {Journal of physics: conference series},
  title        = {Violent interaction detection in video based on deep learning},
  year         = {2017},
  number       = {1},
  organization = {IOP Publishing},
  pages        = {012044},
  volume       = {844},
}

@Article{27_xu2015learning,
  author  = {Xu, Dan and Ricci, Elisa and Yan, Yan and Song, Jingkuan and Sebe, Nicu},
  journal = {arXiv preprint arXiv:1510.01553},
  title   = {Learning deep representations of appearance and motion for anomalous event detection},
  year    = {2015},
}

@InProceedings{28_dong2016multi,
  author       = {Dong, Zhihong and Qin, Jie and Wang, Yunhong},
  booktitle    = {Chinese Conference on Pattern Recognition},
  title        = {Multi-stream deep networks for person to person violence detection in videos},
  year         = {2016},
  organization = {Springer},
  pages        = {517--531},
}

@InProceedings{29_sudhakaran2017learning,
  author       = {Sudhakaran, Swathikiran and Lanz, Oswald},
  booktitle    = {2017 14th IEEE International Conference on Advanced Video and Signal Based Surveillance (AVSS)},
  title        = {Learning to detect violent videos using convolutional long short-term memory},
  year         = {2017},
  organization = {IEEE},
  pages        = {1--6},
}

@Article{30_shi2015convolutional,
  author  = {Shi, Xingjian and Chen, Zhourong and Wang, Hao and Yeung, Dit Yan and Wong, Wai Kin and Woo, Wang Chun},
  journal = {Advances in neural information processing systems},
  title   = {Convolutional LSTM network: A machine learning approach for precipitation nowcasting},
  year    = {2015},
  pages   = {802--810},
  volume  = {2015},
}

@InProceedings{hockey_nievas2011violence,
  author       = {Nievas, Enrique Bermejo and Suarez, Oscar Deniz and Garcia, Gloria Bueno and Sukthankar, Rahul},
  booktitle    = {Computer Analysis of Images and Patterns},
  title        = {Hockey Fight Detection Dataset},
  year         = {2011},
  organization = {Springer},
  pages        = {332--339},
  keywords     = {action recognition, fight detection, video surveillance},
  url          = {http://visilab.etsii.uclm.es/personas/oscar/FightDetection/},
}

@InProceedings{movie_nievas2011violence,
  author       = {Nievas, Enrique Bermejo and Suarez, Oscar Deniz and Garcia, Gloria Bueno and Sukthankar, Rahul},
  booktitle    = {Computer Analysis of Images and Patterns},
  title        = {Movies Fight Detection Dataset},
  year         = {2011},
  organization = {Springer},
  pages        = {332--339},
  keywords     = {action recognition, fight detection, video surveillance},
  url          = {http://visilab.etsii.uclm.es/personas/oscar/FightDetection/},
}

@Article{lhog_zhou2018violence,
  author    = {Zhou, Peipei and Ding, Qinghai and Luo, Haibo and Hou, Xinglin},
  journal   = {PLoS one},
  title     = {Violence detection in surveillance video using low-level features},
  year      = {2018},
  number    = {10},
  pages     = {e0203668},
  volume    = {13},
  publisher = {Public Library of Science San Francisco, CA USA},
}

@InProceedings{hog_nievas2011violence,
  author       = {Nievas, Enrique Bermejo and Suarez, Oscar Deniz and Garc{\'\i}a, Gloria Bueno and Sukthankar, Rahul},
  booktitle    = {International conference on Computer analysis of images and patterns},
  title        = {Violence detection in video using computer vision techniques},
  year         = {2011},
  organization = {Springer},
  pages        = {332--339},
}

@Article{mowd_zhang2017mowld,
  author    = {Zhang, Tao and Jia, Wenjing and Yang, Baoqing and Yang, Jie and He, Xiangjian and Zheng, Zhonglong},
  journal   = {Multimedia Tools and Applications},
  title     = {MoWLD: a robust motion image descriptor for violence detection},
  year      = {2017},
  number    = {1},
  pages     = {1419--1438},
  volume    = {76},
  publisher = {Springer},
}

@Article{3dconvnet_song2019novel,
  author    = {Song, Wei and Zhang, Dongliang and Zhao, Xiaobing and Yu, Jing and Zheng, Rui and Wang, Antai},
  journal   = {IEEE Access},
  title     = {A novel violent video detection scheme based on modified 3D convolutional neural networks},
  year      = {2019},
  pages     = {39172--39179},
  volume    = {7},
  publisher = {IEEE},
}

@InProceedings{huang2017densely,
  author    = {Huang, Gao and Liu, Zhuang and Van Der Maaten, Laurens and Weinberger, Kilian Q},
  booktitle = {Proceedings of the IEEE conference on computer vision and pattern recognition},
  title     = {Densely connected convolutional networks},
  year      = {2017},
  pages     = {4700--4708},
}

@Comment{jabref-meta: databaseType:bibtex;}
